<record><leader>00000cas a22000007a 4500</leader><controlfield tag="001">19809225</controlfield><controlfield tag="008">890603d18uu1885inuwr ne      0    0eng d</controlfield><datafield ind1=" " ind2=" " tag="010"><subfield code="a">sn 89099006 </subfield></datafield><datafield ind1=" " ind2=" " tag="040"><subfield code="a">NPI</subfield><subfield code="b">eng</subfield><subfield code="c">NPI</subfield><subfield code="d">OCLCQ</subfield></datafield><datafield ind1=" " ind2=" " tag="042"><subfield code="a">msc</subfield></datafield><datafield ind1="0" ind2="0" tag="245"><subfield code="a">Colfax chronicle.</subfield></datafield><datafield ind1=" " ind2=" " tag="260"><subfield code="a">Colfax, Ind. :</subfield><subfield code="b">Cal. Gault</subfield></datafield><datafield ind1=" " ind2=" " tag="300"><subfield code="a">v.</subfield></datafield><datafield ind1=" " ind2=" " tag="310"><subfield code="a">Weekly</subfield></datafield><datafield ind1="1" ind2=" " tag="362"><subfield code="a">Ceased in 1885.</subfield></datafield><datafield ind1=" " ind2=" " tag="588"><subfield code="a">Description based on: Vol. 1, no. 22 (Dec. 20, 1877).</subfield></datafield><datafield ind1=" " ind2=" " tag="752"><subfield code="a">United States</subfield><subfield code="b">Indiana</subfield><subfield code="c">Clinton</subfield><subfield code="d">Colfax.</subfield></datafield><datafield ind1="0" ind2="0" tag="785"><subfield code="t">Frankfort times (Frankfort, Ind. : Weekly)</subfield><subfield code="w">(DLC)sn 86063071</subfield></datafield></record>